2025 2939
905 214 1179 258 —128—

311 314 424 373 quis,
441 313 620 373 quando
644 313 849 357 homines
874 315 1015 358 renati
1037 314 1092 358 ad
1116 315 1274 358 caelum
1299 315 1423 359 velut
1446 331 1545 359 aves
1573 316 1774 361 volantes

311 387 366 431 de
390 389 513 448 aquis
542 388 809 448 spiritalibus
843 387 1172 448 producuntur,
1202 390 1379 450 spiritus
1411 390 1569 449 utique
1601 403 1775 435 sanctus

312 464 355 506 in
380 464 571 522 speciem
607 463 827 507 columbae
855 461 1061 523 dignatus
1090 475 1155 507 est
1184 462 1451 508 descendere
1481 480 1613 524 super
1641 481 1775 525 aquas

311 549 355 581 et
373 552 506 596 super
525 548 753 580 auctorem
772 536 981 595 baptismi
998 543 1025 578 ¹.
1048 537 1187 580 Unita
1204 538 1371 596 pietate
1389 553 1572 581 manere
1590 554 1706 590 aves,
1726 551 1776 583 ut

312 612 542 671 intellegas
566 626 660 654 esse
683 611 896 654 caelorum
920 611 997 670 qui
1020 623 1314 655 renascuntur
1338 627 1417 671 per
1440 628 1601 671 aquam
1620 626 1664 656 et
1687 614 1775 673 spi-

312 687 447 730 ritum
481 698 683 729 sanctum
708 685 790 728 nisi
813 685 951 729 semel
974 698 1079 729 ante
1097 685 1277 745 quando
1302 686 1519 730 diluvium
1538 703 1687 746 passus
1711 700 1777 732 est

311 760 519 804 mundus.
547 762 616 803 Da
640 759 747 803 mihi
772 759 1018 804 secundum
1043 760 1271 804 diluvium.
1299 762 1401 805 Una
1419 762 1640 814 columba,
1660 778 1775 806 unus

311 851 473 887 ramus,
497 850 638 877 unum
659 834 893 894 baptisma,
918 851 1034 878 unus
1059 836 1251 894 spiritus,
1281 851 1423 878 unum
1448 836 1690 880 chrismatis
1709 852 1776 880 sa-

311 921 603 953 cramentum.
635 910 826 953 Accusat
853 921 894 953 te
924 909 995 952 illa
1023 909 1244 953 columba.
1275 910 1378 953 Una
1402 923 1607 954 contecta
1635 923 1777 972 gestat

311 996 412 1028 orto
437 985 546 1027 rami
568 983 824 1027 frondentis
847 984 920 1042 (P).
950 985 1108 1028 Emissa
1126 996 1191 1027 est
1210 984 1373 1028 iterum
1398 984 1453 1028 de
1477 1000 1574 1029 arca
1597 998 1641 1029 et
1665 986 1776 1029 alte-

310 1074 410 1102 rum
444 1074 617 1102 ramum
652 1074 744 1102 non
773 1059 1041 1118 reportavit,
1066 1060 1169 1118 quia
1203 1058 1378 1103 suffecit
1408 1061 1448 1103 ei
1479 1059 1601 1119 quod
1634 1075 1775 1104 unum

310 1134 446 1178 semel
465 1134 546 1177 sub
565 1149 658 1177 uno
677 1146 954 1177 sacramento
978 1134 1180 1177 vectavit.

314 1277 386 1301 Folio
403 1279 443 1307 16,
457 1285 536 1301 verso.

310 1357 481 1416 (L)abia
500 1356 721 1400 columbae
750 1356 942 1399 tenentis
961 1370 1134 1398 ramum
1162 1367 1387 1414 tamquam
1408 1354 1498 1398 duo
1518 1367 1621 1399 sunt
1642 1367 1775 1400 testa—

309 1444 462 1476 menta
479 1430 739 1481 fronduosa‚
762 1431 962 1474 tenentia
981 1429 1225 1473 chrismatis
1245 1429 1411 1473 Christi
1430 1430 1706 1489 mysterium.
1730 1431 1776 1474 Et

312 1506 407 1558 tibi,
438 1506 651 1557 heretice,
686 1505 785 1549 leve
813 1517 879 1548 est
908 1505 1074 1548 multos
1103 1503 1291 1547 diluvios
1316 1504 1476 1548 iterare
1515 1504 1590 1547 ubi
1624 1505 1776 1548 nemi—

311 1597 414 1625 nem
439 1597 595 1624 sanum
621 1579 752 1623 facias
778 1594 1034 1632 remanere3
1061 1580 1284 1622 Dominus
1308 1579 1378 1622 vel
1408 1591 1511 1622 octo
1535 1580 1701 1623 animas
1729 1580 1774 1623 in

311 1655 480 1699 diluvio
504 1655 693 1698 servavit
718 1655 902 1705 inlaesas,
926 1667 988 1704 ω,
1014 1655 1058 1696 in
1077 1652 1274 1696 secundo
1299 1652 1466 1697 diluvio
1492 1654 1646 1697 inliciti
1664 1654 1773 1713 bap—

314 1731 444 1782 tismi,
470 1744 629 1773 omnes
654 1729 819 1771 animas
852 1727 999 1787 perdis
1027 1728 1142 1770 male
1166 1726 1406 1778 demersas,
1436 1743 1543 1787 quas
1569 1727 1772 1772 Christus

311 1799 626 1850 semel'lavavit
646 1803 829 1846 ablutas.
850 1804 979 1845 Tunc
996 1803 1218 1846 Dominus
1238 1801 1362 1854 dixit,
1379 1818 1436 1846 ne
1454 1801 1670 1846 diluvium
1690 1803 1774 1847 ite-

312 1879 501 1925 randum
522 1882 774 1938 speraretur
794 1892 886 1920 esse
905 1877 958 1919 ab
972 1876 1363 1935 hominibu52Ja1n
1384 1894 1462 1920 non
1476 1876 1640 1936 filciam
1662 1876 1773 1921 diln-

313 1956 418 2000 vium
448 1970 572 2014 super
595 1969 762 2003 terram,
798 1968 938 2014 arcum
972 1969 1097 1995 meum
1124 1968 1274 2011 ponam
1303 1952 1343 1994 in
1375 1949 1582 1995 ηιιῖνὶὖιις.2
1616 1951 1774 1996 Vidisti

311 2046 461 2075 arcum
497 2031 542 2073 in
572 2028 801 2080 nubibus;
827 2028 1021 2086 intelege
1056 2042 1149 2070 non
1184 2025 1391 2070 futurum
1424 2042 1517 2070 esse
1540 2026 1770 2070 diluvium.

309 2103 485 2148 Audisti
515 2118 672 2147 vocem
697 2101 865 2145 Christi
895 2113 1105 2159 tanquam
1135 2115 1285 2143 arcum
1314 2099 1358 2143 in
1383 2099 1577 2143 nubibus
1607 2113 1773 2144 exten—

310 2177 471 2229 dentis,
500 2176 543 2220 id
573 2188 639 2220 est
667 2176 930 2219 altissimum
955 2173 1167 2233 judicium
1203 2172 1474 2225 definientis,
1510 2186 1554 2217 et
1588 2172 1772 2218 dicentis

311 2254 415 2313 quia
438 2252 515 2312 qui
549 2251 686 2295 semel
708 2250 828 2293 lotus
854 2261 919 2293 est
950 2264 1042 2291 non
1066 2247 1202 2292 habet
1225 2248 1533 2292 necessitatem
1557 2247 1768 2291 lavandi³.

309 2327 414 2371 Noli
446 2327 605 2370 iterare
643 2324 859 2379 diluvium
894 2323 996 2382 quia
1038 2322 1227 2366 alterum
1266 2338 1358 2365 non
1397 2333 1545 2381 potest
1584 2322 1771 2365 inveniri

308 2402 517 2462 Spiritum
537 2410 738 2443 sanctum
753 2421 764 2452 3
781 2409 825 2441 et
843 2396 990 2448 video,
1010 2411 1143 2456 super
1162 2398 1332 2440 Patrem
1351 2408 1396 2440 et
1411 2396 1564 2438 Filium
1580 2407 1624 2439 et
1636 2396 1769 2454 Spiri—

316 2562 335 2576 1.
356 2553 510 2583 Matth.111,
527 2554 564 2576 16.
587 2566 616 2569 »—
640 2559 663 2575 3.
684 2550 750 2574 Gen.
762 2551 808 2580 lx,
827 2558 863 2580 ¹3·
886 2564 916 2567 -—
941 2557 961 2580 3.
981 2550 1053 2580 Joan.
1086 2549 1157 2578 xm,
1176 2556 1212 2572 ιο.
