2025 2939
872 246 1146 286 -142-

409 350 432 378 a
481 333 728 393 praepositis
778 332 932 392 plebes
981 344 1235 392 reguntur3
1285 344 1330 375 et
1385 331 1615 375 molendi-—

409 424 518 452 num
556 414 697 468 puto¹
739 406 960 450 mundum
1001 407 1133 450 istum
1171 406 1249 466 qui
1288 418 1386 450 rota
1425 405 1615 466 quadam

412 495 668 543 temporum
722 481 917 525 volvitur
971 493 1016 525 et
1075 492 1294 525 amatores
1359 496 1440 524 nos
1500 496 1617 524 con-

412 569 538 602 teret.
598 557 709 600 Sunt
764 571 871 616 ergo
925 556 1001 615 qui
1057 555 1113 599 de
1164 555 1413 599 actionibus
1462 554 1618 598 mundi

412 648 505 676 non
547 630 794 684 recedunt3
830 630 906 675 sed
950 642 1098 674 tamen
1138 630 1198 673 ibi
1237 631 1309 674 alii
1349 630 1465 674 bene
1501 645 1619 689 ope-

413 719 593 759 rantur,
633 706 704 750 alii
745 706 826 750 sibi
869 706 1034 749 amicos
1077 704 1247 750 faciunt
1292 704 1347 749 de
1392 720 1620 749 mammo-

414 797 469 825 na
514 782 758 841 iniquitatis
803 796 826 825 a
877 780 1039 840 quibus
1078 781 1350 840 recipiantur

291 895 363 920 Folio
375 905 417 926 47,
431 904 511 921 verso.

298 2566 306 2580 5
314 2577 318 2580 .
341 2557 385 2580 Dis

389 2563 411 2580 [ιι

414 972 459 1015 in
526 971 811 1015 tabernacula
883 977 1109 1023 aeterna,²
1185 970 1347 1030 quibus
1417 969 1619 1014 dicetur:

417 1046 580 1089 Esurivi
620 1058 665 1089 et
705 1044 883 1089 dedistis
923 1045 1032 1088 mihi
1072 1043 1383 1089 manducare.³
1432 1045 1519 1088 Alii
1559 1046 1623 1088 is—

416 1131 458 1163 ta
496 1120 757 1180 neglegunt,
798 1119 960 1178 quibus
999 1118 1201 1163 dicetur:
1245 1120 1408 1163 Esurivi
1443 1131 1487 1162 et
1529 1135 1620 1162 non

414 1193 593 1238 dedistis
627 1194 735 1238 mihi
775 1193 1056 1238 manducare.
1094 1194 1283 1238 Proinde
1322 1195 1428 1253 quia
1463 1193 1518 1237 de
1556 1193 1623 1237 his

415 1269 492 1328 qui
540 1281 773 1313 versantur
818 1270 861 1312 in
906 1269 1095 1329 negotiis
1143 1281 1188 1313 et
1233 1268 1443 1328 operibus
1488 1268 1621 1327 hujus

414 1343 597 1396 mundi,
647 1344 717 1387 alii
766 1343 957 1404 diligunt
1000 1343 1116 1387 bene
1171 1342 1320 1387 facere
1371 1343 1621 1403 indigenti—

418 1418 516 1470 bus,
578 1419 650 1462 alii
711 1419 980 1480 neglegunt,
1045 1431 1271 1478 tamquam
1330 1417 1385 1462 de
1450 1418 1622 1462 duabus

417 1494 462 1537 in
511 1493 774 1538 molendino
822 1509 911 1537 una
960 1493 1220 1538 adsumetur
1259 1505 1303 1537 et
1348 1509 1437 1537 una
1477 1495 1623 1537 relin-

420 1581 597 1628 quetur.
676 1569 857 1613 Lectum
932 1581 1082 1613 autem
1162 1569 1357 1628 positum
1433 1568 1624 1612 arbitror

417 1658 499 1703 pro
547 1644 723 1702 quiete,
789 1644 893 1703 quia
942 1655 1046 1687 sunt
1096 1644 1173 1702 qui
1230 1659 1378 1702 neque
1427 1644 1624 1688 actiones

416 1717 573 1762 mundi
612 1719 703 1778 pati
742 1718 921 1770 volunt,
968 1719 1078 1761 sicut
1122 1730 1225 1761 sunt
1264 1718 1490 1778 conjugati
1530 1718 1622 1762 ho—

418 1794 559 1837 mines
602 1792 819 1837 habentes
869 1792 1051 1844 domos,
1096 1791 1308 1844 familias,
1348 1791 1489 1844 filios,
1537 1808 1625 1836 ne-

418 1883 507 1928 que
556 1867 722 1927 aliquid
771 1868 814 1911 in
863 1868 1021 1911 eclesia
1064 1879 1203 1927 agunt
1246 1868 1358 1911 sicut
1403 1868 1624 1927 praeposi-

421 1944 472 1995 ti,
511 1943 634 1987 velut
680 1943 724 1986 in
763 1943 1031 2004 agricultura
1077 1942 1341 1986 laborantes.
1395 1941 1496 1993 Sed,
1540 1957 1625 1985 ve-

418 2018 485 2062 lut
512 2017 564 2062 ad
589 2017 683 2061 haec
711 2017 897 2069 infirmi,
923 2017 1138 2061 secedunt
1166 2017 1219 2060 ad
1253 2018 1396 2061 otium
1421 2029 1465 2061 et
1489 2018 1625 2076 quie—

420 2095 451 2138 ti
506 2109 601 2137 esse
650 2092 866 2153 diligunt,
918 2093 1004 2145 vel,
1054 2093 1119 2136 uti
1168 2107 1390 2136 memores
1431 2090 1626 2135 infirmi—

420 2169 518 2213 tatis
584 2183 706 2220 suae,
780 2183 872 2212 non
940 2183 986 2211 se
1054 2167 1385 2211 committentes
1457 2166 1626 2226 magnis

419 2241 669 2286 actionibus
764 2253 810 2285 et
910 2240 1248 2301 quodammodo
1350 2241 1393 2284 in
1489 2252 1627 2284 strato

418 2316 685 2361 infirmitatis
729 2329 936 2377 rogantes
982 2318 1159 2369 Deum3
1213 2328 1257 2360 et
1308 2317 1398 2375 ipsa
1442 2314 1625 2375 profes-

418 2393 483 2436 sio
552 2392 688 2436 habet
761 2391 930 2443 bonos,
997 2391 1133 2435 habet
1204 2389 1343 2434 fictos.
1441 2389 1628 2433 Proinde

416 2566 435 2580 κ.
449 2558 532 2588 ,ψιυίε
543 2558 674 2581 au-dessus
686 2558 717 2581 de
730 2557 752 2581 la
766 2557 839 2590 ligne.
858 2572 885 2574 -κ
904 2566 926 2581 z,
937 2558 997 2580 Luc.
1012 2557 1096 2585 XVII,
1108 2566 1130 2586 9.
1154 2571 1183 2573 —
1209 2565 1227 2586 3.
1251 2556 1343 2579 Matth.
1359 2556 1442 2584 XXV,
1460 2563 1488 2585 3,-
1506 2574 1509 2577 .
