2025 2939
903 208 1177 252 —106—

275 307 422 367 pletis,
442 307 793 367 uniuscujusque
818 306 941 351 chori
961 308 1090 351 tertia
1111 323 1210 367 pars
1229 309 1457 353 ecclesiam
1475 322 1604 354 exeat
1625 321 1672 355 et
1694 325 1800 356 cor—

275 396 396 456 poris
423 395 756 440 necessitatibus
780 395 851 439 vel
874 395 965 439 aliis
990 395 1255 439 utilitatibus
1279 397 1501 450 inserviat,
1531 410 1653 442 certo
1679 410 1801 443 tem-

275 483 396 543 poris
420 483 561 543 spatio
581 483 925 535 interveniente,
950 481 1004 526 ad
1028 482 1187 526 divinae
1205 483 1346 527 laudis
1368 485 1521 529 munia
1538 485 1801 531 celebranda

276 570 427 615 denuo
452 570 690 615 redeuntes
696 605 800 614 .......
835 570 961 629 Quin
988 571 1079 614 imo
1104 586 1260 615 omnes
1292 572 1525 616 unanimes
1551 573 1800 633 sacrificium

277 656 412 702 laudis
439 659 639 703 Domino
665 659 983 719 omnipotenti,
1014 675 1096 720 pro
1124 660 1265 704 salute
1297 661 1479 721 gloriosi
1501 662 1590 705 mei
1613 661 1800 705 Domini

273 746 464 806 Augusti
499 746 662 799 Karoli‚
694 761 871 807 proque
894 748 1019 808 regni
1051 748 1145 807 ejus
1178 747 1432 801 stabilitate,
1457 749 1644 792 concinna
1667 747 1800 793 devo-

248 834 251 836 ’
272 834 380 878 tione
396 834 555 897 jugiter
577 833 802 880 exhibeant.
828 856 851 872 υ

335 922 499 966 Extrait
522 921 577 966 de
600 922 642 966 la
664 922 925 984 biographie
949 922 1003 966 de
1022 924 1079 967 St.
1100 924 1336 984 Angilbert
1355 939 1429 968 sur
1450 924 1492 967 le
1515 924 1662 967 meme
1684 924 1799 984 sujet

272 1008 401 1067 (ibid,
418 1025 461 1070 p.
493 1011 596 1069 127)
617 1030 625 1053 z

335 1119 359 1135 α
377 1099 467 1142 Prae
486 1098 695 1142 omnibus
714 1098 885 1143 studuit
902 1110 953 1143 ut
970 1098 1117 1143 divina
1134 1099 1228 1143 laus
1247 1112 1292 1143 et
1308 1111 1564 1143 sanctorum
1581 1099 1798 1142 memoria

275 1184 425 1249 absque
443 1184 529 1230 ullo
547 1186 762 1230 instertitio
781 1187 826 1229 in
845 1187 1027 1230 ecclesia
1044 1186 1275 1230 Salvatoris
1294 1185 1514 1230 indefesse
1531 1184 1794 1230 haberetur:

272 1272 327 1317 ad
351 1272 473 1334 quod
504 1274 587 1318 rite
620 1262 866 1318 f‘enendum
897 1275 1050 1318 statuit
1084 1286 1169 1318 tres
1201 1289 1376 1334 semper
1404 1289 1497 1318 esse
1536 1273 1695 1318 choros
1705 1309 1793 1318 ......

272 1360 319 1403 Et
342 1374 496 1403 omnes
521 1357 703 1419 quidem
726 1358 857 1403 horas
875 1360 1108 1403 canonicas
1134 1372 1219 1404 tres
1242 1359 1365 1403 chori
1389 1358 1478 1403 una
1495 1374 1670 1419 semper
1687 1375 1796 1404 con-

271 1445 509 1490 cinebant:
537 1446 698 1506 quibus
721 1445 856 1490 finitis
879 1461 978 1506 pars
1009 1447 1361 1507 uniuscujusque
1384 1446 1508 1505 chori
1534 1446 1797 1506 persistebat

271 1549 352 1578 suo
385 1534 486 1578 loco
520 1534 710 1594 psallens
746 1549 856 1578 voce
887 1534 1130 1588 mediocri,
1154 1535 1301 1578 caeteri
1339 1535 1510 1578 interea
1539 1534 1796 1579 relaxabant

271 1637 414 1682 usque
428 1621 482 1666 ad
499 1621 773 1682 praefinitum
793 1623 1004 1682 temporis
1017 1623 1208 1682 spatium
1224 1645 1235 1676 3
1249 1637 1442 1682 cumque
1459 1622 1505 1665 hi
1523 1637 1569 1666 se
1587 1621 1794 1666 omnibus

272 1710 525 1754 necessariis
549 1710 832 1762 relevassent,
867 1709 1134 1754 adveniente
1165 1710 1274 1754 hora
1302 1709 1506 1754 redibant
1533 1708 1588 1754 ad
1617 1711 1794 1754 exerci—

271 1798 383 1842 tium
402 1797 560 1842 divinae
577 1797 718 1841 laudis
732 1820 743 1852 3
759 1809 805 1842 et
823 1797 983 1842 eodem
1002 1813 1191 1842 numero
1211 1814 1302 1857 quo
1321 1798 1390 1842 isti
1408 1797 1626 1850 redibant,
1648 1797 1720 1841 alii
1738 1813 1794 1842 ex

269 1884 431 1931 eodem
454 1885 592 1930 choro
617 1885 858 1930 exibant....
894 1886 959 1929 Sic
983 1884 1037 1929 ad
1061 1901 1276 1938 mensam,
1301 1886 1357 1929 sic
1391 1884 1445 1929 ad
1473 1885 1626 1938 lectos,
1658 1885 1717 1928 sic
1739 1884 1794 1928 ad

270 1974 421 2018 omnia
444 1974 569 2017 omni
594 1985 799 2034 tempore
822 1972 1019 2025 exibant,
1048 1985 1099 2017 ut
1125 1972 1363 2034 indeficiens
1386 1971 1621 2034 psalmodia
1643 1973 1689 2016 in
1712 1987 1792 2016 ec-

270 2061 400 2106 clesia
417 2062 650 2107 Salvatoris
673 2062 779 2106 omni
801 2077 982 2122 tempore
994 2076 1267 2123 permaneret.
1291 2081 1316 2098 υ
