2025 2939
900 236 1173 281 ‚130-

303 320 527 381 gravando
561 322 713 381 juvare
747 333 791 365 et
821 321 1007 366 videaris
1032 323 1155 382 quasi
1180 334 1300 366 recte
1330 321 1476 367 facere
1506 322 1613 366 dum
1636 323 1768 367 beato

303 396 438 439 Paulo
468 396 735 440 calumniam
763 395 949 440 videaris
979 398 1195 457 inrogare.
1222 398 1395 441 Invenit
1414 410 1589 441 sanctus
1614 398 1769 442 Paulus

302 472 378 514 XII
408 472 525 515 viros
559 484 603 516 et
637 472 928 531 interrogavit
951 487 1027 515 eos
1055 473 1089 514 si
1118 473 1388 532 accepissent
1417 473 1620 532 spiritum
1644 488 1769 517 sanc-

304 558 414 590 tum.
436 547 499 589 Illi
519 546 730 590 dixerunt
753 566 760 589 :
783 547 1031 598 Nescimus,
1045 562 1126 590 nec
1146 562 1314 591 nomen
1333 548 1509 607 spiritus
1528 549 1664 591 sancti
1683 548 1768 592 ali—

303 621 484 680 quando
508 620 768 665 audivimus.
798 622 843 665 Et
873 622 932 665 ait
956 622 1142 665 Paulus:
1177 623 1222 665 In
1252 638 1343 681 quo
1374 637 1480 683 ergo
1504 622 1768 682 baptismate

300 694 510 754 baptizati
535 694 668 738 estis?
693 694 1038 754 Responderunt
1061 715 1067 737 :
1090 696 1309 755 Baptisma
1331 696 1559 739 johannis.
1582 697 1629 740 Et
1652 696 1768 756 bap—

303 770 453 814 tizavit
477 776 591 813 eos.¹
620 770 891 830 Baptismum
917 770 1083 815 Christi
1103 786 1195 814 non
1220 770 1509 830 rebaptizavit
1533 772 1636 830 quia
1661 771 1769 815 illud

300 846 495 905 primum
517 845 673 888 servile
693 857 801 897 erat,
821 844 907 888 hoc
920 844 1194 889 dominicum
1211 846 1571 905 estbaptismum.
1593 846 1768 889 Johan—

301 935 378 964 nes
407 920 678 979 baptismum
709 935 837 963 suum
874 920 1080 964 habebat.
1119 921 1275 964 Paulus
1306 921 1576 981 baptismum
1602 921 1768 965 Christi

300 994 508 1048 habebat,
529 1011 620 1039 non
644 1001 812 1039 suum2.
835 996 940 1039 Non
959 995 1188 1047 Johannis,
1203 995 1278 1039 sed
1302 995 1572 1055 baptismum
1602 996 1768 1040 Christi

302 1071 472 1114 transiit
505 1071 577 1114 illa
606 1071 846 1130 praecursio
874 1069 1081 1130 baptismi
1105 1072 1383 1130 poenitentiae
1420 1071 1523 1131 quia
1552 1072 1645 1130 ipse
1673 1071 1768 1114 cla-

302 1145 451 1189 mabat
474 1166 480 1187 :
516 1146 609 1209 Ego
650 1163 718 1189 vos
755 1144 918 1206 baptizo
956 1146 995 1188 in
1034 1146 1339 1206 paenitentiam,
1382 1146 1449 1208 qui
1489 1162 1619 1189 alitem
1660 1147 1768 1190 venit

296 1234 392 1280 post
423 1236 483 1262 me
513 1219 598 1280 ipse
632 1236 700 1262 νος
732 1217 958 1280 baptizabit
987 1220 1025 1263 in
1059 1220 1203 1280 spiritu
1227 1235 1379 1263 sancto.
1417 1222 1530 1263 Nam
1554 1232 1657 1280 post
1681 1221 1768 1263 Ju-

302 1293 402 1338 dam
433 1293 694 1338 traditorem
725 1310 859 1338 nemo
888 1294 1128 1355 baptizavit
1152 1296 1256 1354 quia
1278 1295 1549 1354 baptismum
1576 1294 1770 1339 habebat

301 1370 540 1413 salvatoris.
564 1371 672 1429 Ergo
692 1384 767 1412 eos
793 1369 964 1421 Paulus,
989 1381 1039 1414 ut
1057 1370 1307 1429 acciperent
1332 1370 1533 1429 spiritum
1550 1382 1766 1421 sanctum,

302 1445 346 1487 in
370 1444 592 1504 baptismo
617 1443 785 1488 Christi

308 1571 379 1596 Folio
398 1576 436 1601 18,
450 1577 526 1595 recto.

303 1646 502 1700 lavabat,
527 1659 572 1690 et
592 1658 655 1698 tu,
671 1645 961 1690 confitentem
984 1646 1061 1690 tibi
1075 1659 1120 1690 et
1135 1646 1381 1690 dicentem:
1407 1647 1655 1707 Baptizatus
1670 1661 1767 1690 sum

304 1721 348 1764 in
384 1722 565 1765 nomine
600 1722 734 1781 patris
769 1733 813 1765 et
843 1719 921 1763 filii
957 1733 1002 1765 et
1034 1722 1212 1780 spiritus
1240 1722 1393 1773 sancti,
1428 1722 1588 1765 iterum
1624 1722 1768 1765 lavare

305 1795 554 1848 contendis,
574 1797 679 1855 quia
699 1808 746 1840 tu
766 1796 843 1839 ubi
864 1812 956 1840 non
976 1795 1099 1840 fuisti
1119 1812 1211 1840 non
1230 1808 1296 1840 est
1318 1797 1504 1856 plenum
1523 1811 1769 1840 sacramen-

306 1883 402 1916 tum
423 1872 629 1915 trinitatis
645 1876 651 1914 !
667 1871 728 1914 Ibi
748 1886 842 1915 eras
861 1871 1042 1930 quando
1057 1870 1168 1915 dixit
1186 1870 1301 1914 filius
1317 1872 1402 1914 Dei
1416 1871 1636 1931 discipulis
1656 1872 1742 1915 suis
1759 1891 1766 1913 :

307 1947 366 1990 Ite
385 1982 396 1999 ‚
445 1945 648 2007 baptizate
690 1961 834 2008 gentes
872 1947 912 1989 in
947 1946 1106 1989 nomine
1150 1947 1285 1990 Patris
1320 1962 1359 1989 et
1394 1945 1482 1990 Filii
1521 1962 1559 1990 et
1592 1946 1770 2007 Spiritus

305 2022 467 2066 sancti?
486 2022 642 2081 Usque
660 2021 714 2065 ad
736 2033 910 2081 tempus
932 2034 1058 2065 tuum
1079 2022 1432 2066 recentissimum
1453 2034 1496 2065 et
1515 2020 1770 2065 sordedissi-

307 2112 448 2149 mum,
473 2097 605 2140 inane
628 2095 717 2141 fuit
740 2097 968 2141 Trinitatis
992 2096 1261 2141 vocabulum
1290 2108 1340 2140 ut
1363 2097 1461 2156 plus
1484 2095 1672 2140 valuerit
1697 2108 1772 2140 tua

310 2172 528 2232 separatio
553 2187 686 2231 quam
712 2172 940 2215 Trinitatis
964 2172 1090 2215 unita
1113 2171 1403 2232 conjunctio?
1422 2170 1503 2215 Sed
1528 2186 1611 2232 ego
1632 2170 1771 2230 justus

310 2262 425 2298 sum,
444 2247 606 2306 inquis,
631 2258 676 2291 et
699 2262 776 2290 vos
795 2258 1062 2307 peccatores.
1089 2247 1217 2290 Filius
1236 2247 1393 2307 utique
1415 2246 1556 2290 malus
1580 2246 1772 2306 seipsum

310 2320 532 2382 justificat,
551 2322 722 2366 exitum
740 2334 890 2366 autem
910 2338 1041 2365 suum
1060 2338 1154 2366 non
1169 2322 1337 2375 abluet,
1357 2322 1467 2365 sicut
1493 2333 1555 2373 tu,
1576 2321 1652 2380 qui
1676 2320 1773 2381 jus-

312 2394 448 2440 tificas
464 2408 507 2440 te
525 2408 571 2440 et
588 2396 682 2440 sine
703 2408 745 2440 te
764 2411 921 2440 vacuas
935 2396 1217 2440 Trinitatem.
1239 2396 1411 2455 Qanti
1429 2394 1527 2439 falsi
1542 2394 1774 2455 prophetae

323 2558 342 2571 ι.
364 2548 425 2571 Act.
441 2549 512 2578 XIX,
530 2557 579 2579 ¹·5·
595 2563 625 2566 -
639 2558 661 2572 2,
683 2548 722 2572 Cf.
738 2547 817 2581 Epist.
832 2548 948 2578 XLIV,Q
965 2557 1001 2571 ιο.
