2025 2939
907 243 961 247 —
1009 233 1090 271 144
1125 244 1181 249 —

446 323 583 362 tates¹
631 318 949 377 copiosissimas
994 319 1269 378 per(s)picis.
1329 320 1374 363 Et
1423 318 1525 363 dicit
1575 335 1651 364 cor

446 404 573 436 tuum
611 412 618 434 ε
662 392 833 435 nullum
870 408 963 436 esse
996 392 1196 436 divinum
1222 392 1467 453 judicium,
1502 395 1652 438 omnia

443 466 614 510 casibus
679 465 787 510 ferri
853 479 897 510 et
969 466 1167 511 fortuitis
1233 467 1429 511 motibus
1498 469 1652 512 venti-

443 542 546 586 lare.
566 547 578 562 ²
603 543 716 584 Nam
742 542 775 584 si
800 544 940 594 Deus,
971 543 1131 602 inquis,
1166 557 1234 585 res
1265 542 1480 586 humanas
1505 544 1651 603 respi-

441 628 584 668 ceret,
642 615 824 660 floreret
882 617 997 660 illius
1052 618 1259 677 iniquitas
1315 630 1359 662 et
1416 634 1516 662 mea
1575 618 1651 662 in—

443 692 650 735 nocentia
714 691 938 736 laboraret
958 697 974 735 ‘1'
1035 693 1197 736 Omnis
1265 693 1447 736 morbus
1513 694 1647 737 animi

445 766 580 809 habet
646 767 690 809 in
758 767 983 827 scripturis
1052 767 1428 812 medicamentum
1502 784 1645 812 suum.

445 842 538 900 Qi
584 857 691 902 ergo
731 843 790 885 sic
831 854 1017 903 aegrotat
1056 855 1106 886 ut
1152 843 1232 886 ista
1276 841 1390 886 dicat
1430 843 1474 886 in
1515 842 1647 887 corde

444 932 525 959 suo
561 916 683 960 bibat
722 917 954 976 potionem
991 917 1159 976 psalmi.
1201 916 1324 975 Qid
1357 922 1450 961 est?
1484 919 1647 961 Iterum

445 992 729 1050 inspiciamus
769 991 877 1050 quid
918 991 1105 1035 dicebas.
1149 991 1272 1049 Quid
1312 991 1531 1044 dicebam,
1573 993 1649 1035 in—

443 1064 566 1124 quid,
601 1066 682 1109 nisi
718 1065 841 1125 quod
880 1065 1001 1109 vides
1016 1071 1031 1109 ἐ’
1072 1066 1171 1109 Mali
1208 1064 1397 1118 florent,
1434 1066 1542 1109 boni
1578 1067 1648 1110 la-

441 1139 617 1183 borant.
654 1139 903 1197 Quomodo
929 1140 1008 1183 ista
1032 1139 1152 1183 videt
1182 1141 1319 1183 Deus.
1357 1141 1539 1200 Accipe,
1573 1140 1649 1183 bi—

441 1214 498 1257 be
532 1215 624 1273 ipse
660 1214 769 1268 tibi,
803 1214 887 1257 hoc
913 1214 967 1258 de
1000 1230 1091 1273 quo
1129 1215 1207 1258 ista
1240 1230 1490 1258 murmuras
1527 1227 1649 1259 tem—

444 1288 631 1348 perabit.
699 1290 896 1332 Tantum
954 1305 1011 1332 ne
1075 1305 1247 1333 recuses
1307 1289 1646 1333 saluberrimum

442 1365 668 1423 poculum.
729 1363 1024 1408 Adcommoda
1068 1380 1147 1423 per
1191 1380 1342 1408 aurem
1402 1381 1449 1408 os
1505 1363 1647 1408 cordis

278 1477 351 1502 Folio
364 1481 407 1508 48,
418 1486 498 1502 vei-so⁴

329 2553 348 2567 x.
369 2544 413 2567 Sic.

445 1575 783 1582 ........
821 1540 956 1583 audis.
1007 1541 1109 1584 Noli
1145 1540 1440 1584 subaemulare
1473 1542 1516 1584 in
1552 1557 1653 1584 ma—

444 1649 690 1656 ......
729 1616 760 1657 is
791 1631 939 1674 neque
978 1616 1200 1658 aemuleris
1232 1614 1444 1658 facientes
1476 1615 1648 1674 iniqui—

447 1724 693 1731 ......
733 1691 946 1749 quoniam
974 1702 1199 1749 tamquam
1226 1689 1395 1733 faenum
1422 1691 1510 1734 cito
1535 1691 1649 1733 aris—

441 1764 565 1822 cen(t
600 1777 644 1808 et
678 1766 813 1823 s)icut
854 1766 974 1808 olera
1016 1766 1129 1825 prati
1174 1764 1345 1809 cadent.
1388 1765 1526 1823 Quod
1573 1765 1649 1808 tibi

439 1840 626 1899 longum
646 1839 822 1883 videtur
837 1840 925 1883 cito
945 1852 1008 1883 est
1029 1842 1143 1883 Deo.
1171 1840 1398 1900 Subjunge
1419 1853 1461 1883 te
1480 1842 1581 1883 Deo
1599 1852 1644 1883 et

879 1914 956 1958 tibi
981 1915 1069 1958 cito
1094 1915 1190 1958 erit.

438 2051 577 2086 XXXV.
705 2043 917 2086 INCIPIT
1035 2043 1218 2085 SERMO
1335 2043 1406 2085 DE
1523 2042 1642 2084 FIDE

436 2119 568 2161 HOC
778 2118 1018 2161 DICIMUS
1234 2118 1302 2160 ET
1511 2116 1643 2160 HOC

437 2191 706 2243 doceamus,
762 2192 996 2242 carissimi,
1055 2190 1177 2250 quod
1245 2192 1368 2234 Deus
1433 2190 1511 2233 lux
1576 2202 1641 2233 est

438 2282 529 2310 non
593 2281 832 2326 corporum
899 2265 975 2310 sed
1041 2266 1276 2309 mentium.
1355 2265 1500 2316 Beati,
1566 2265 1642 2308 in—

438 2341 560 2402 quid,
601 2340 756 2385 mundi
790 2340 923 2384 corde
963 2341 1175 2400 quoniam
1215 2341 1295 2400 ipsi
1336 2341 1485 2383 Deum
1510 2338 1640 2383 vide-

436 2417 615 2469 bunt3³
693 2415 994 2474 omnibusque
1092 2414 1144 2458 ad
1241 2413 1638 2473 contemplandum

439 2559 458 2561 —
491 2554 510 2567 z.
534 2545 604 2568 Corr.
616 2543 746 2568 ventilari.
768 2558 797 2560 —
822 2551 842 2574 3.
864 2542 958 2566 Matth.
974 2544 1038 2572 V,8.
