2025 2939
831 246 887 252 -
931 235 1009 278 ¹05
1048 246 1105 252 .-

208 334 437 376 carentur;
462 333 560 366 toto
586 322 808 382 Augusto,
836 321 1155 365 manicationes
1187 319 1297 365 fiant
1331 322 1435 380 quia
1467 320 1730 368 festivitates

209 421 314 454 sunt
336 421 381 454 et
403 410 544 453 missae
567 421 849 462 sanctorum,
873 408 1131 469 septembri,
1155 420 1327 468 septem
1358 408 1616 468 antiphonae
1644 425 1730 454 ex-

207 498 431 558 plicentur
443 496 557 541 binis
574 497 752 557 psalmis
765 520 776 551 3
789 496 978 549 octobri,
997 508 1100 540 octo
1116 496 1250 541 ternis
1260 496 1461 556 psalmis,
1481 497 1730 550 novembri,

210 600 374 629 novem
400 585 534 629 ternis
557 585 734 644 psalmis
755 606 767 637 3
792 583 1030 636 decembri,
1059 583 1214 627 decem
1246 584 1381 627 ternis
1415 584 1592 644 psalmis
1614 606 1626 637 3
1659 584 1732 644 ia—

210 673 368 716 nuario
392 684 437 716 et
458 671 687 716 februario
711 670 880 724 itidem,
901 687 1044 731 usque
1067 670 1120 715 ad
1148 671 1318 716 Pascha.
1345 671 1444 724 Sed,
1462 683 1514 716 ut
1536 671 1734 732 possibi-

209 738 307 804 litas
329 759 478 811 habet,
503 759 580 819 qui
601 758 708 803 facit
731 759 918 819 amplius
941 774 1024 819 pro
1047 774 1093 803 se
1111 771 1156 803 et
1174 760 1250 819 qui
1268 760 1430 811 minus,
1448 771 1499 803 ut
1516 759 1729 819 potuerit.

211 847 418 907 Superest
440 858 491 891 ut
513 846 585 891 vel
607 845 844 890 duodecim
872 847 1028 906 psalmi
1048 846 1343 907 expediantur
1366 846 1420 891 ad
1443 847 1731 899 matutinum,

211 935 314 994 quia
336 936 512 978 Patrum
537 946 701 978 statuta
723 947 1034 995 praeceperunt
1057 946 1108 978 ut
1131 933 1185 978 ad
1208 946 1377 979 sextam
1396 950 1473 979 sex
1490 934 1647 994 psalmi
1666 933 1734 978 di-

210 1033 367 1066 cantur
385 1037 485 1065 cum
502 1020 707 1075 Alleluia,
727 1034 772 1066 et
790 1022 844 1066 ad
862 1021 1173 1066 duodecimam
1193 1022 1427 1066 duodecim
1448 1023 1611 1066 iterum
1630 1037 1732 1065 cum

209 1107 415 1161 Alleluia,
436 1109 557 1168 quod
581 1110 714 1153 etiam
740 1110 898 1170 angelo
924 1110 1159 1154 nuntiante
1187 1109 1443 1153 didicerant.
1470 1110 1509 1153 Si
1534 1108 1588 1153 ad
1611 1108 1734 1153 duo-

208 1196 424 1241 decimam
453 1196 688 1241 duodecim
718 1198 890 1257 psalmi,
927 1213 1004 1242 cur
1038 1197 1092 1241 ad
1115 1198 1387 1242 matutinum
1416 1213 1510 1242 non
1533 1198 1734 1257 itemque

203 1285 276 1329 vel
293 1284 529 1329 duodecim
547 1285 855 1345 explicentur?
876 1307 901 1322 2>
920 1285 1103 1343 (Labbe,
1126 1284 1330 1338 concilia,
1351 1298 1380 1330 t.
1402 1286 1460 1338 V,
1477 1301 1520 1346 p.
1543 1285 1672 1344 857.)

959 1435 982 1468 Β
1042 1445 1046 1448 ,

270 1549 431 1593 Extrait
447 1547 502 1593 de
518 1548 561 1592 la
578 1548 698 1609 segle
716 1547 894 1593 donne'e
912 1564 991 1609 par
1008 1550 1122 1594 saint
1133 1550 1370 1610 Angilbert
1388 1567 1475 1595 aux
1492 1553 1664 1598 moines
1677 1554 1732 1599 de

207 1635 481 1696 St-Riquier,
506 1651 563 1680 en
581 1652 630 1680 ce
649 1637 726 1696 qui
749 1652 968 1681 concerne
991 1637 1033 1680 le
1060 1636 1197 1681 Chant
1207 1637 1427 1699 perpe'cuel
1449 1639 1582 1697 (Acta
1599 1641 1734 1685 Sanc-

209 1734 358 1768 torum
382 1722 563 1767 Ordinis
587 1723 619 1767 5³
645 1723 885 1776 Benedicti,
909 1725 1010 1768 Saec.
1038 1725 1111 1776 IV,
1146 1732 1178 1767 1³
1200 1740 1315 1785 pars,
1340 1742 1382 1785 p.
1410 1727 1514 1785 47):

272 1832 297 1849 «
315 1812 527 1855 Tractare
546 1812 762 1871 coepimus
787 1812 977 1871 qualiter
1005 1812 1051 1856 in
1075 1813 1161 1856 Dei
1190 1812 1410 1866 laudibus,
1441 1815 1487 1858 in
1520 1814 1732 1860 doctrinis

208 1897 386 1943 diversis
411 1911 456 1943 et
482 1899 657 1943 canticis
685 1899 999 1959 spiritualibus,
1024 1899 1204 1944 Christo
1233 1902 1537 1961 omnipotenti
1558 1902 1733 1962 placere

205 1985 441 2030 valeamus.
463 1987 754 2047 Qapropter
779 1999 1000 2032 trecentos
1018 1987 1260 2032 monachos
1286 1989 1331 2032 in
1350 1988 1436 2033 hoc
1460 2002 1611 2034 sancto
1629 1990 1730 2034 loco

206 2072 466 2132 regulariter
493 2074 688 2117 victuros
721 2074 962 2118 auxiliante
991 2075 1093 2118 Deo
1127 2075 1503 2119 constituimus...
1531 2076 1731 2121 Centum

209 2158 342 2203 etiam
367 2175 531 2219 pueros
554 2160 711 2205 scholis
746 2160 1013 2205 erudiendos
1046 2161 1127 2205 sub
1161 2161 1321 2206 eodem
1351 2162 1508 2207 habitu
1533 2175 1578 2208 et
1611 2164 1730 2208 victu

208 2247 457 2299 statuimus,
482 2249 573 2307 qui,
598 2248 816 2292 Fratribus
844 2265 923 2308 per
959 2261 1046 2293 tres
1076 2249 1234 2293 choros
1259 2249 1419 2303 divisis,
1446 2251 1491 2294 in
1515 2251 1729 2294 auxilium

207 2334 423 2393 psallendi
450 2347 494 2379 et
516 2335 702 2379 canendi
730 2337 995 2380 intersint....
1024 2338 1077 2380 Ea
1103 2348 1253 2381 autem
1289 2338 1462 2382 ratione
1492 2338 1574 2398 ipsi
1606 2337 1730 2381 chori

209 2432 296 2465 tres
313 2422 359 2465 in
377 2421 533 2467 divinis
551 2422 754 2467 laudibus
772 2423 1093 2483 personabunt,
1113 2436 1163 2467 ut
1181 2440 1337 2468 omnes
1348 2424 1479 2468 horas
1497 2426 1729 2469 canonicas

209 2510 255 2552 in
278 2524 518 2554 commune
544 2511 675 2554 simul
708 2527 863 2556 omnes
892 2511 1142 2555 decantent.
1186 2511 1364 2572 Qibus
1396 2512 1607 2557 decenter
1641 2528 1729 2557 ex-

1541 2597 1583 2633 14
