2025 2939
919 207 1193 266 -.58-

285 306 357 332 Folio
393 316 415 338 ι,
428 315 500 332 verso

329 2540 348 2553 ι.
372 2539 380 2554 ι
394 2531 456 2562 Joan

450 418 932 425 ...........
975 385 1213 428 rimoniam
1239 400 1320 429 nec
1343 384 1576 430 attendere
1599 385 1654 431 de
1702 408 1706 410 ·

450 494 931 501 ...........
960 460 1191 518 permittat
1214 460 1386 520 injustis
1409 460 1485 504 sed
1519 477 1652 521 quarn

449 568 836 576 .........
863 534 957 577 stis.
997 533 1073 577 Vis
1097 535 1207 578 scire
1232 534 1339 593 quid
1362 547 1506 579 servat
1530 536 1653 595 justis

450 642 742 649 .......
780 607 953 666 (n)obis
994 607 1162 652 dictum
1198 616 1321 653 est:¹
1351 610 1650 662 Dilectissimi‚

448 681 549 740 (filii
574 683 661 726 Dei
689 698 857 734 sumus,
877 683 943 741 et)
962 683 1163 727 nondum
1189 685 1395 744 apparuit
1418 684 1541 744 quod
1558 685 1652 729 eri—

449 758 602 816 (mus,
648 758 838 817 scimus)
879 758 983 818 quia
1037 774 1137 802 cum
1193 761 1447 819 apparuerit
1491 761 1652 804 similes

448 832 511 891 (ei
550 833 753 892 erimus,)
789 834 1002 893 quoniam
1043 833 1243 877 videmus
1284 850 1385 878 eum
1421 836 1548 879 sicuti
1588 847 1653 879 est

452 944 839 951 .........
873 923 892 951 r
917 923 1024 969 ergo
1050 909 1178 952 nobis
1202 911 1351 953 nescio
1377 909 1499 969 quod
1523 910 1652 954 dulce

449 1018 935 1025 ...........
934 1006 944 1015 ·
974 982 1082 1025 ilum
1107 984 1294 1026 omnino
1324 995 1368 1027 et
1400 984 1432 1026 si
1456 985 1651 1044 cogitare

448 1092 739 1100 .......
778 1072 866 1116 qua
893 1070 1019 1117 parte
1053 1058 1097 1100 in
1131 1059 1355 1118 enigmate
1384 1071 1427 1102 et
1460 1073 1650 1118 perspe—

451 1167 742 1175 .......
780 1144 931 1192 potest
964 1131 1122 1176 dicere.
1156 1134 1329 1176 Tamen
1363 1133 1488 1177 nullo
1515 1132 1652 1177 modo

457 1242 748 1249 .......
785 1206 1076 1267 pulchritudo
1103 1208 1217 1251 illius
1241 1206 1486 1257 dulcedinis
1520 1224 1653 1268 quam

450 1317 696 1324 ......
760 1283 884 1325 Deus
923 1281 1183 1326 timentibus
1217 1298 1262 1326 se
1296 1281 1468 1342 perficit
1502 1295 1651 1327 autern

446 1356 799 1417 (spe)rantibus
859 1358 903 1400 in
960 1372 1016 1400 se.
1076 1357 1185 1400 Illud
1250 1369 1462 1417 parantur
1523 1357 1655 1401 corda

448 1431 671 1490 (no)stra
726 1433 770 1475 in
821 1431 1030 1475 omnibus
1085 1433 1187 1476 vitae
1242 1433 1373 1490 hujus
1428 1432 1653 1476 laboribus

450 1542 788 1550 ........
836 1507 919 1550 aris
952 1507 1004 1551 ad
1042 1523 1255 1568 magnum
1291 1507 1457 1567 aliquid
1491 1508 1653 1567 pararis

453 1617 650 1625 .....
688 1598 710 1626 c
737 1597 826 1626 vox
854 1581 1082 1641 cujusdam
1112 1583 1213 1642 justi
1248 1581 1527 1626 confirmati:
1564 1598 1655 1626 non

446 1656 590 1715 (enim
624 1658 748 1715 sunt)
782 1656 1015 1717 condignae
1045 1659 1268 1717 passiones
1303 1657 1435 1716 hujus
1472 1670 1655 1717 tempo-

447 1731 560 1790 (ris)
625 1731 680 1776 ad
746 1731 946 1775 futuram
1013 1733 1198 1792 gloriam
1265 1748 1365 1792 quae
1432 1732 1655 1776 revelabi-

447 1805 577 1864 (tur)
633 1806 678 1849 in
739 1805 881 1849 nobis.
904 1813 916 1827 ²
978 1807 1095 1865 Qae
1150 1806 1233 1849 erit
1298 1805 1452 1850 futura
1516 1806 1655 1866 gloria

451 1915 840 1923 .........
899 1881 981 1924 nisi
1015 1895 1193 1940 aequare
1226 1881 1392 1941 angelis
1427 1893 1471 1924 et
1504 1880 1654 1924 videre

450 1991 456 1997 .
498 1991 503 1997 .
544 1992 550 1998 .
592 1991 598 1997 .
636 1955 902 2014 (qu)antum
947 1967 1127 2015 praestat
1170 1971 1285 1999 caeco
1330 1956 1406 2014 qui
1442 1956 1504 1998 illi
1538 1971 1655 1999 ocu-

450 2065 790 2072 ........
826 2043 976 2074 averat
999 2042 1050 2074 ut
1072 2030 1219 2074 videat
1241 2030 1354 2074 hanc
1378 2030 1523 2073 lucem
1552 2045 1653 2073 cum

451 2140 839 2148 .........
879 2118 948 2150 tus
978 2104 1117 2149 fuerit
1147 2106 1219 2149 ille
1243 2121 1325 2149 nec
1348 2105 1519 2149 invenit
1547 2104 1654 2164 quid

453 2215 938 2223 ...........
976 2180 1082 2224 ndat
1113 2181 1305 2224 sanatori
1329 2196 1410 2224 suo
1434 2192 1653 2239 quantum

456 2289 938 2298 ...........
980 2254 1136 2299 umdet
1161 2271 1270 2299 num
1294 2254 1401 2315 quid
1425 2254 1546 2299 dabit
1571 2255 1655 2299 tale

456 2365 751 2372 .......
784 2318 798 2372 ⁴.
839 2366 845 2372 .
886 2367 891 2373 .
935 2331 1108 2374 raestitit
1131 2346 1179 2374 ac
1202 2331 1446 2390 plurimum
1470 2329 1546 2373 det
1568 2345 1654 2373 au-

457 2439 937 2448 ...........
974 2405 1033 2449 lle
1061 2406 1206 2449 lucem
1238 2406 1444 2465 praestitit
1466 2417 1517 2448 ut
1540 2419 1656 2448 nove

463 2550 465 2553 ,
487 2531 531 2559 Ill,
556 2541 574 2554 z.
603 2546 627 2548 *
653 2541 672 2555 2.
696 2533 770 2555 Rom.
788 2533 858 2559 VW,
879 2536 913 2555 ¹8.
