2025 2939
243 1574 313 1599 Folio
327 1584 369 1605 49,

854 230 1124 274 ,Ἣ-

396 318 691 363 communiter
757 330 890 377 atque
957 314 1379 360 incommutabiliter
1447 330 1590 375 praes-

399 407 443 438 to
462 406 538 438 est.
558 394 679 437 Hanc
693 392 837 436 lucem
858 392 935 452 qui
958 407 1049 435 non
1067 390 1187 435 videt
1207 391 1265 434 ita
1283 402 1348 434 est
1366 391 1488 449 quasi
1506 406 1590 433 cae-

395 484 469 512 cus
503 469 546 512 in
581 469 673 512 sole
709 468 777 512 cui
812 467 919 511 nihil
953 465 1134 527 prodest
1162 466 1262 526 ipsis
1293 465 1399 509 locis
1427 466 1591 509 oculo—

397 559 495 588 rum
539 544 647 603 ejus,
694 555 780 587 tam
832 543 961 586 clari¹
1003 558 1049 586 ac
1087 541 1314 602 praesentis
1350 540 1458 584 lucis
1491 539 1592 583 ful-

394 632 468 680 get
491 618 675 663 infusus.
706 619 798 676 Qui
823 630 971 662 autem
996 616 1117 661 videt
1140 629 1184 661 et
1207 615 1373 676 refugit
1396 630 1593 660 consue-

397 694 595 739 tudinem
687 693 946 737 umbrarum
1035 693 1273 736 carnalium
1360 690 1595 735 invalidam

398 770 557 813 mentis
600 769 736 813 aciem
781 769 905 829 gerit.
953 769 1215 811 Parvorum²
1250 767 1382 827 igitur
1414 780 1592 809 morum

400 879 641 886 ......
679 860 721 887 as
755 843 982 887 contrariis
1021 840 1195 887 flatibus
1231 841 1284 885 ab
1324 842 1415 901 ipsa
1455 841 1596 901 patria

399 920 758 980 repercutiuntur
858 918 1061 962 homines
1172 917 1417 977 posteriora
1521 928 1595 960 at—

397 1011 484 1055 que
571 993 781 1038 inferiora
865 1005 1096 1038 sectantes.
1191 991 1444 1053 Purgandus
1530 1004 1595 1036 est

399 1071 591 1130 (ita)que
630 1070 816 1121 animus,
852 1082 901 1113 ut
938 1081 981 1113 et
1016 1068 1264 1128 perspicere
1296 1068 1413 1111 illam
1452 1068 1598 1111 lucem

397 1145 539 1189 valeat
589 1157 633 1188 et
687 1144 901 1187 inhaerere
958 1155 1239 1203 perspectae;
1294 1157 1426 1202 quam
1481 1156 1596 1201 pur—

397 1221 621 1281 gationem
710 1220 830 1278 quasi
921 1218 1271 1262 ambulationem
1357 1215 1595 1276 quandam,

400 1296 487 1354 (et)
524 1295 593 1338 vel
618 1295 738 1354 quasi
767 1295 1090 1355 navigationem
1115 1292 1168 1337 ad
1192 1293 1377 1352 patriam
1402 1307 1494 1336 esse
1521 1306 1599 1335 ar—

402 1371 675 1429 (bit)remur.
709 1372 811 1413 Non
837 1370 953 1414 enim
978 1368 1030 1412 ad
1055 1384 1155 1412 eum
1182 1369 1257 1427 qui
1286 1367 1454 1427 ubique
1478 1381 1600 1427 prae-

405 1461 501 1490 sens
551 1458 615 1489 est
665 1446 786 1489 locus
841 1459 1088 1495 movemur,
1145 1442 1218 1487 sed
1268 1443 1391 1486 bono
1448 1441 1595 1486 studio

387 1581 460 1599 [ceto.

401 1643 585 1687 bonisve
614 1642 811 1685 moribus
840 1641 963 1701 quod
987 1657 1077 1685 non
1120 1674 1597 1682 ...........

404 1719 495 1778 ipsa
533 1718 747 1778 sapientia
781 1729 913 1761 tantae
949 1718 1079 1760 etiam
1121 1749 1597 1759 ...........

403 1794 529 1837 mitat
552 1807 799 1854 congruere
834 1791 986 1853 dignas
1027 1824 1597 1834 .............

401 1868 443 1913 di
468 1868 594 1912 nobis
624 1868 842 1928 praeberet
869 1867 1124 1927 exemplum
1164 1900 1595 1909 ..........

402 1960 533 2004 quam
560 1945 602 1987 in
624 1943 807 1987 homine
831 1943 1039 2002 quoniam
1073 1955 1117 1986 et
1140 1957 1200 1986 nu
1213 1975 1594 1984 .........

402 2035 567 2071 sumus,
592 2018 667 2063 sed
690 2019 792 2078 quia
821 2034 900 2062 nos
930 2034 1030 2061 cum
1061 2017 1158 2076 (ad)
1183 2017 1300 2061 illam
1323 2032 1408 2060 ven
1446 2051 1452 2058 .
1492 2050 1498 2058 .
1539 2050 1545 2057 .
1586 2050 1593 2058 .

405 2107 470 2139 ter
508 2093 691 2138 facimus
733 2094 823 2154 ipsa
856 2109 955 2137 curn
984 2092 1037 2136 ad
1072 2109 1152 2136 nos
1187 2093 1310 2136 venit
1353 2125 1593 2133 ......

404 2169 532 2213 nibus
567 2169 765 2229 superbis
799 2169 922 2228 quasi
950 2168 1084 2212 stulte
1118 2166 1224 2211 fecis
1262 2200 1595 2209 ........

405 2257 469 2288 est
493 2257 537 2288 et
559 2245 767 2304 quoniam
793 2260 872 2287 nos
897 2260 997 2287 cum
1021 2242 1074 2287 ad
1099 2243 1215 2286 illam
1257 2275 1590 2285 ........

405 2320 746 2363 convalescimus
778 2320 869 2378 ipsa
897 2334 998 2362 cum
1027 2317 1080 2361 ad
1112 2333 1193 2361 nos
1229 2317 1394 2376 ve(nit)
1444 2351 1451 2358 .
1491 2352 1497 2358 .
1538 2351 1544 2357 .
1585 2350 1592 2357 .

403 2395 437 2438 si
486 2392 659 2437 infirma
710 2394 908 2438 estimata
957 2406 1051 2446 est3
1106 2391 1181 2436 sed
1234 2391 1355 2452 quod
1409 2392 1594 2435 stultum

283 2544 303 2559 1.
325 2535 394 2560 Corr.
409 2535 482 2560 clare.
505 2551 535 2554 —-
558 2546 580 2560 2.
601 2536 832 2568 Cornpra-vorum.

1564 2591 1603 2627 19
