2025 2939
850 227 1121 271 -129-

258 330 352 362 tum
376 329 590 367 sanctum,
610 326 687 358 aut
705 325 916 373 quartum
938 325 979 357 te
1004 313 1165 373 jactare
1189 314 1376 364 conaris,
1404 325 1479 356 aut
1503 314 1713 372 primum,

259 404 308 435 ut
331 390 444 434 dicas
468 391 571 450 quia
601 389 677 432 ubi
704 401 752 433 tu
781 404 874 432 non
898 403 942 431 es
972 403 1105 431 nemo
1140 387 1385 447 baptisatus
1415 400 1493 431 est.
1532 389 1718 432 Interest

257 468 396 518 Pater,
414 467 599 510 interest
617 465 966 516 Filius,'interest
985 464 1170 522 Spiritus
1196 474 1387 514 sanctus,
1405 462 1507 521 quia
1520 478 1610 505 non
1626 478 1718 521 po—

259 553 342 585 test
362 532 447 599 ¹nisi
472 542 516 584 in
534 540 755 584 Trinitate

261 668 332 692 Folio
348 678 384 698 ιτ,
399 675 474 691 recto.

259 749 379 809 quod
403 761 675 809 praeceptum
697 760 761 791 est
780 747 990 791 celebrari
1009 770 1018 800 3
1040 760 1084 790 et
1105 759 1152 791 tu
1171 746 1290 798 dicis,
1316 762 1407 790 non
1431 762 1523 790 esse
1548 758 1718 791 rectum

259 825 362 884 quia
386 840 476 867 non
502 822 567 866 fui
592 837 785 882 praesens
808 846 818 875 ς
855 837 961 883 ergo
994 824 1116 865 Deus
1140 837 1231 865 non
1256 833 1322 865 est
1355 836 1545 881 praesens
1570 822 1646 865 ubi
1671 834 1719 866 tu

259 915 302 943 es
327 899 494 942 absens.
521 900 590 941 De
614 898 813 941 Domino
838 896 1005 941 dictum
1035 908 1100 940 est
1125 916 1132 938 :
1158 894 1328 939 Lamzbic
1354 896 1554 940 Dominus
1579 895 1719 940 sordes

248 971 439 1033 filiorum
460 972 703 1031 etfiliarum
723 973 832 1016 Sion.
852 979 859 993 ¹
881 971 949 1015 Ad
969 972 1217 1015 Dominum
1242 970 1408 1015 dictum
1429 984 1494 1016 est
1515 992 1522 1013 :
1551 970 1719 1016 Lavabis

259 1065 318 1092 me
337 1063 376 1091 et
391 1064 515 1108 super
533 1048 659 1091 nivem
680 1045 920 1091 dealbabor.
936 1053 948 1067 ²
968 1048 1071 1090 Non
1096 1046 1206 1089 dixit
1229 1046 1345 1089 lavat
1368 1062 1440 1090 me
1465 1047 1538 1090 ille
1561 1058 1605 1090 et
1630 1047 1718 1098 ille,

258 1122 333 1167 sed
353 1135 400 1166 tu
420 1138 491 1165 me
510 1122 672 1166 lavabis
692 1122 795 1181 quia
813 1134 858 1165 et
876 1120 1125 1165 sacerdotes
1141 1132 1186 1164 et
1205 1121 1361 1180 populi
1379 1120 1433 1164 ab
1452 1137 1542 1164 uno
1561 1121 1721 1165 lavan—

259 1210 345 1249 tur,
365 1210 409 1241 et
427 1196 628 1241 sacerdos
653 1209 697 1240 et
715 1197 872 1256 populi
896 1196 949 1239 ab
977 1211 1067 1239 uno
1091 1196 1359 1252 lavantur-et
1378 1195 1578 1239 sacerdos
1597 1195 1718 1255 quod

258 1273 425 1332 accepit
445 1271 625 1315 exhibet
644 1283 981 1315 sacramentum.
999 1273 1123 1314 Pater
1143 1271 1327 1314 interest
1345 1282 1389 1314 et
1408 1286 1499 1314 non
1521 1270 1599 1314 tibi
1618 1269 1720 1314 suf—

259 1346 363 1391 ficit.
391 1348 519 1390 Filius
541 1347 723 1390 interest
742 1359 786 1389 et
810 1362 899 1389 non
920 1345 998 1389 tibi
1016 1344 1187 1389 sufficit.
1209 1346 1392 1405 Spiritus
1411 1357 1586 1389 sanctus
1606 1346 1722 1390 inte-

259 1434 348 1466 rest
372 1434 417 1466 et
447 1421 588 1465 adhuc
622 1422 699 1465 tibi
724 1437 814 1465 non
839 1419 1009 1464 sufficit.
1037 1419 1203 1464 Sufficit
1231 1421 1313 1464 illis
1343 1437 1454 1480 quos
1482 1420 1722 1480 baptizavit

260 1497 431 1540 Paulus.
459 1497 615 1540 Paulus
634 1508 783 1540 autem
813 1496 985 1539 dicebat
1010 1495 1190 1554 quando
1215 1508 1542 1540 sacramentum
1568 1495 1722 1539 trade—

258 1572 334 1616 bat
353 1592 361 1614 :
382 1570 596 1633 Numquid
614 1572 651 1614 ln
672 1571 830 1615 nomine
846 1570 968 1614 Pauli
987 1569 1188 1630 baptizati
1207 1572 1353 1614 estis?³
1372 1572 1442 1613 Tu
1462 1569 1647 1614 forsitan
1666 1570 1722 1614 de

261 1647 444 1690 nomine
464 1647 582 1690 Pauli
602 1647 818 1705 accipiens
838 1646 1133 1697 occasionem,
1146 1645 1344 1689 dicturus
1363 1661 1407 1689 es
1422 1646 1524 1705 quia
1543 1658 1587 1689 et
1606 1647 1723 1689 Pau-

259 1721 327 1765 lus
350 1721 590 1781 baptizavit
613 1733 714 1780 post
736 1721 917 1764 beatum
942 1720 1206 1764 johannem.
1239 1721 1396 1764 Inutile
1421 1732 1486 1764 est
1511 1719 1626 1764 istud
1654 1735 1724 1764 ar-

262 1806 539 1855 gumentum.
559 1796 662 1837 Non
676 1793 1080 1853 tibipatrocinatur.
1097 1794 1180 1836 Dic
1192 1793 1300 1836 mihi
1313 1795 1389 1853 qui
1402 1806 1495 1837 erat
1513 1794 1720 1846 sanctior,

259 1869 485 1913 „lohannes
505 1882 581 1913 aut
600 1869 784 1912 Paulus?
807 1870 890 1929 Ego
910 1881 1155 1927 utrumque
1174 1867 1413 1928 profiteor3
1435 1880 1583 1912 tamen
1603 1870 1721 1912 Pau-

259 1944 353 1987 lum
381 1960 473 1987 non
497 1959 677 2003 possum
701 1943 846 1987 dicere
873 1943 1077 1986 johanne
1097 1958 1189 1986 esse
1208 1942 1456 1987 fortiorem.
1493 1944 1636 1988 Testis
1655 1956 1721 1987 est

259 2018 463 2063 Christus
482 2020 558 2078 qui
578 2019 637 2062 ait
664 2038 671 2060 :
698 2017 832 2062 Nemo
849 2018 1025 2061 surrexit
1045 2019 1085 2061 in
1109 2019 1215 2061 natis

264 2145 336 2171 Folio
354 2155 362 2169 1
370 2155 392 2176 7,
406 2154 484 2169 verso.

262 2219 473 2264 mulierum
489 2221 619 2279 major
630 2219 825 2278 johanne
837 2219 1034 2280 baptista.
1047 2226 1062 2246 ⁴
1074 2221 1181 2280 Ergo
1195 2220 1429 2279 quomodo
1444 2219 1550 2264 dicis
1563 2221 1718 2281 bapti-

261 2310 379 2339 zasse
396 2306 497 2354 post
515 2294 784 2346 johannem,
804 2295 928 2353 quasi
945 2306 1147 2338 sanctum
1171 2307 1272 2354 post
1295 2307 1590 2353 peccatorem,
1616 2311 1716 2339 cum

261 2369 487 2412 neminem
505 2367 666 2411 dixerit
684 2368 908 2411 Dominus
926 2367 1132 2411 Johanne
1151 2383 1244 2411 esse
1262 2366 1526 2412 fortiorem?
1546 2369 1650 2412 Noli
1676 2381 1720 2413 te

269 2530 289 2544 ι.
310 2520 424 2551 lsai.1v‚
440 2531 462 2550 4.
486 2534 507 2536 ᾗ
538 2530 558 2544 2.
581 2520 645 2544 Psal.
660 2530 685 2550 4,
699 2529 721 2551 9.
745 2535 773 2537 —
799 2529 819 2550 ς.
845 2530 851 2543 ι
870 2521 928 2544 Cor.
947 2521 966 2549 1,
985 2529 1021 2550 ¹3·
1046 2535 1073 2537 —
1096 2530 1119 2549 4.
1142 2520 1294 2550 Manh.X1,
1312 2529 1348 2544 ιι.

1562 2581 1599 2612 ¹7
