2025 2939
890 234 1161 277 „143-

423 309 554 352 etiam
602 327 657 354 ex
705 312 769 357 his
823 330 937 360 unus
986 317 1244 365 adsumetur
1297 335 1342 367 et
1386 340 1500 370 unus
1546 344 1624 373 re—

418 382 660 442 linquetur.
745 388 814 432 Ad
896 406 1226 454 quamcumque
1313 409 1355 441 te
1440 401 1623 459 profes—

421 456 591 501 sionem
669 464 966 516 converteris,
1039 482 1144 525 para
1210 481 1253 513 te
1316 471 1620 530 patefectos3¹

419 530 618 591 alioquin
697 536 730 578 si
815 549 857 581 te
942 555 1033 583 non
1120 545 1339 602 paraveris
1424 547 1621 594 invenies

418 605 540 664 quod
601 610 836 667 sperabas,
898 626 975 657 aut
1036 614 1243 670 deficies,
1305 632 1381 664 aut
1435 635 1621 681 pertur-

416 677 599 724 baveris.
657 683 727 726 Ad
782 688 933 731 omnia
993 704 1098 750 ergo
1158 705 1361 751 paratum
1420 708 1462 739 te
1516 696 1620 743 facit

418 755 493 812 qui
530 755 606 798 tibi
641 757 866 817 loquitur,
912 777 1013 806 cum
1051 776 1226 826 tempus
1265 781 1330 812 est
1370 782 1414 813 et
1450 771 1509 814 illi
1545 773 1620 816 lo—

416 829 598 886 quendi,
640 832 841 878 nondum
883 836 1124 894 judicandi,
1181 853 1226 885 et
1272 842 1350 886 tibi
1395 844 1618 899 audiendi,

417 902 618 947 nondum
716 905 881 952 frustra
966 913 1210 970 paenitendi
1235 938 1245 968 3
1336 929 1401 960 est
1500 921 1619 965 enim

412 977 549 1021 modo
616 981 876 1039 paenitentia
946 1001 1037 1029 non
1103 987 1290 1042 frustra,
1363 993 1447 1036 erit
1518 1006 1621 1039 tunc

414 1048 589 1096 frustra.
695 1057 799 1100 Non
934 1061 1051 1104 enim
1166 1076 1271 1108 tunc
1388 1068 1621 1126 paenitebit

415 1258 643 1304 hominem
684 1264 799 1307 male
837 1266 1026 1321 vixisse3
1075 1269 1151 1313 sed
1190 1272 1316 1317 nullo
1354 1275 1492 1320 modo
1535 1279 1617 1323 iilis

410 1333 577 1391 justitia
621 1337 706 1380 Dei
751 1353 930 1385 revocat
973 1343 1095 1401 quod
1140 1360 1218 1389 sua
1257 1347 1470 1407 injustitia
1506 1367 1617 1412 per—

409 1405 632 1453 diderunt.
654 1411 831 1456 Justum
851 1415 969 1459 enim
994 1430 1102 1476 aput
1121 1420 1271 1464 Deum
1291 1433 1342 1466 ut
1361 1424 1498 1469 modo
1522 1427 1614 1471 im-

408 1483 571 1540 pertiat
635 1486 1019 1543 miserecordiam‚
1089 1505 1194 1538 tunc
1255 1511 1458 1543 exerceat
1532 1501 1610 1561 ju—

409 1555 606 1611 dicium5
662 1559 763 1604 ideo
808 1578 926 1607 nunc
971 1581 1064 1609 non
1122 1580 1292 1614 tacetur
1343 1587 1398 1616 an
1446 1585 1616 1621 tacetur

406 1644 575 1691 arguat.
611 1634 818 1695 Qisque
851 1654 1102 1685 murmoret
1141 1644 1174 1686 si
1214 1660 1306 1689 non
1344 1661 1426 1706 per
1467 1661 1612 1695 totum

407 1705 563 1750 orbem
667 1709 760 1754 haec
858 1714 1072 1774 scriptura
1172 1720 1382 1765 recitatur
1480 1736 1615 1785 atque

405 1792 632 1834 cantatur,
706 1785 738 1827 si
820 1801 959 1832 cessat
1030 1791 1162 1835 etiam
1255 1796 1420 1840 venalis
1508 1797 1615 1844 ferri

405 1869 485 1913 per
529 1856 790 1915 publicum3
841 1861 916 1905 sed
961 1878 1113 1909 revera
1157 1866 1243 1911 hoc
1290 1881 1332 1913 te
1376 1874 1617 1919 conturbat

400 1927 634 1975 hominem
669 1933 956 1981 christianum
986 1940 1089 1997 quia
1121 1940 1241 1986 vides
1275 1945 1392 1989 male
1416 1947 1614 1994 viventes

403 2001 555 2048 felices
621 2000 770 2052 rer'um
840 2010 1020 2056 istarum
1083 2016 1252 2074 copiam
1325 2019 1614 2067 circumflue-

404 2093 477 2131 re,
524 2095 652 2125 sanos
693 2098 811 2136 esse,
857 2087 1058 2145 superbis
1103 2089 1390 2150 dignitatibus
1434 2097 1613 2142 emine-

401 2167 462 2205 re,
488 2155 759 2201 incolomem
796 2158 961 2205 habere
985 2161 1190 2217 domum,
1227 2167 1387 2226 gaudia
1410 2185 1610 2225 suorum,

399 2226 616 2287 obsequia
706 2232 965 2288 clientium,
1047 2240 1434 2288 excellentissimas
1518 2261 1610 2306 po-

402 2303 588 2355 temnas,
650 2305 758 2350 nihil
822 2310 944 2354 triste
1004 2313 1287 2373 interpellare
1341 2319 1473 2362 vitam
1534 2321 1610 2381 ip-

397 2391 580 2431 sorum;
639 2396 787 2426 mores
854 2387 1147 2444 nequissimos
1212 2391 1358 2444 vides,
1413 2393 1608 2439 faculta-
