2025 2939
856 232 1127 276 ,ψ-

262 334 306 365 et
326 321 575 365 sacerdotes
594 321 734 380 ini'qui
754 320 798 363 in
817 320 914 380 lege
933 319 1093 363 veteris
1114 320 1367 363 testamenti
1386 319 1718 365 circumdebant

261 394 372 439 filios
391 395 550 439 israhel
571 418 581 448 ;
601 408 646 439 et
664 393 916 446 secundam,
937 410 1029 438 non
1048 394 1155 455 legis
1174 394 1569 446 circumcisionem,
1591 406 1638 438 tu
1656 395 1718 439 vis

262 485 532 530 congregare
550 471 822 530 voraginem,
846 482 896 513 ut
917 481 959 513 te
976 469 1145 529 justum
1172 482 1332 512 asseras
1356 480 1656 528 operatorem,
1675 481 1721 513 et

261 560 353 589 non
371 546 514 605 ipsum
535 546 611 604 qui
631 557 771 589 totam
790 543 961 604 perficit
978 544 1259 588 Trinitatem.
1281 543 1423 587 Semel
1442 554 1508 587 est
1525 558 1720 604 congre-

262 632 414 680 gatum
431 635 552 664 mare
571 621 615 664 in
634 635 767 663 unam
784 620 1177 681 congregationem
1192 625 1218 671 ¹,
1230 619 1368 663 semel
1383 634 1509 678 aquae
1527 619 1720 662 animam

261 695 403 738 vivam
432 695 735 755 protulerunt,
763 695 901 739 semel
925 709 1046 739 mare
1069 707 1215 754 patres
1239 694 1380 738 nostri
1404 694 1449 737 in
1478 706 1586 754 typo
1610 693 1720 753 bap-

263 770 379 814 tismi
404 770 685 814 transierunt.
702 776 714 791 ²
733 770 855 813 Cave
878 784 985 829 ergo
1012 781 1157 814 tantos
1180 769 1326 828 patri-

229 896 301 922 Potio
321 905 329 921 ι
337 900 360 927 8,
374 904 453 921 verso.

261 970 411 1015 archas
435 984 480 1015 et
508 971 772 1031 prophetas,
802 985 906 1014 cave
931 985 1072 1014 unum
1097 971 1293 1021 Patrem,
1322 984 1465 1013 unum
1494 969 1649 1012 Filium
1677 980 1724 1013 et

261 1061 403 1090 unum
427 1046 636 1106 Spiritum
661 1058 882 1097 sanctum,
912 1046 988 1104 qui
1017 1060 1132 1088 unus
1161 1046 1285 1088 Deus
1308 1044 1459 1088 vivens
1491 1044 1537 1088 in
1565 1042 1724 1088 saecula

261 1121 566 1165 saeculorum.³

684 1277 766 1319 EX
813 1274 1304 1319 SERMONIBUS

232 1386 304 1411 Folio
319 1397 361 1416 44,
377 1395 454 1410 verso.

396 1484 402 1490 .
423 1484 430 1490 .
449 1483 455 1490 .
474 1448 643 1491 .luceat
667 1446 823 1490 invidis
847 1447 1020 1490 veritas.
1049 1446 1229 1506 Explicit

396 1523 549 1566 ....IA
573 1523 645 1565 DE
669 1522 977 1565 EPEPHANIA

391 1597 618 1656 (HQDIE
647 1596 825 1639 VERVS
849 1596 952 1639 SOL

391 1671 548 1716 hortus
639 1684 704 1715 est
789 1670 1020 1722 mundo43
1111 1669 1244 1713 hodie
1330 1671 1375 1712 in
1462 1682 1596 1714 tene-

393 1747 525 1805 (br)is
569 1747 715 1789 saeculi
757 1747 910 1789 lumen
948 1760 1172 1806 egressum
1210 1756 1287 1788 est.
1334 1745 1458 1787 Deus
1494 1742 1595 1788 fac-

393 1820 507 1879 (tu)s
542 1834 607 1864 est
638 1821 793 1872 homo,
828 1833 878 1864 ut
912 1820 1050 1863 homo
1086 1818 1195 1863 deus
1218 1817 1358 1863 fieret.
1396 1819 1596 1862 Formam

393 1895 549 1954 (se)rvi
589 1895 796 1939 dominus
836 1895 1025 1954 accepit,
1070 1906 1120 1939 ut
1165 1909 1314 1938 servus
1347 1904 1597 1938 verteretur

391 1970 481 2029 (in)
512 1968 761 2013 dominum.
807 1969 1038 2013 Caelorum
1070 1967 1294 2012 habitator
1322 1980 1367 2011 et
1390 1966 1597 2011 conditor

393 2043 651 2102 (h)abitavit
695 2044 740 2086 in
785 2043 934 2094 terris,
979 2054 1029 2086 ut
1077 2041 1215 2085 homo
1262 2041 1449 2085 colonus
1501 2052 1597 2085 ter—

394 2119 570 2176 (renus)
604 2119 813 2179 migraret
845 2117 899 2161 ad
931 2117 1109 2161 coelum.
1159 2117 1203 2159 O
1232 2115 1324 2160 dies
1357 2116 1502 2160 omnis
1538 2131 1597 2159 o—

273 2269 294 2284 ¹.
315 2260 381 2284 Gen.
394 2260 412 2289 1,
427 2268 496 2289 9⁴¹0·
519 2274 541 2278 --
568 2268 590 2283 2.
618 2268 625 2282 ι
649 2259 707 2283 Cor.
724 2260 755 2289 X,
774 2268 822 2282 1-2.

272 2316 293 2339 3.
314 2308 351 2332 Le
364 2313 430 2332 texte
442 2306 474 2331 de
488 2313 553 2331 cette
569 2306 640 2330 lettre
654 2306 716 2331 offre
734 2306 776 2330 des
797 2312 912 2339 rapports
927 2315 988 2330 avec
1010 2308 1030 2331 le
1051 2305 1190 2338 cinqmeme
1212 2305 1301 2329 Traite
1319 2305 1377 2329 des:
1404 2304 1428 2328 in
1445 2303 1612 2335 Evangelium
1633 2302 1757 2334 Johannit

238 2356 368 2381 ‘Tractams
382 2356 478 2385 XXIV,
494 2356 528 2379 T.
543 2354 589 2385 111,
602 2355 640 2379 col
665 2358 724 2386 289,
735 2354 773 2379 ed.
785 2355 846 2379 Ben.

271 2415 294 2435 4.
315 2405 351 2429 Ce
364 2409 581 2428 commencement
596 2403 730 2427 ressemble
741 2404 873 2436 beaucoup
887 2404 901 2426 a
915 2402 976 2427 celui
990 2402 1023 2426 du
1037 2410 1137 2426 sermon
1150 2401 1323 2426 CCCLXXI:
1338 2400 1418 2425 Natu]
1433 2405 1469 2424 est
1480 2399 1547 2424 nobis
1557 2398 1628 2423 hodie
1637 2398 1758 2423 Salvator

235 2456 258 2476 et
270 2451 322 2476 ideo
336 2451 406 2476 hodie
424 2450 487 2475 omni
500 2451 586 2475 mndo
604 2450 639 2474 sol
657 2458 736 2474 veru]
757 2455 857 2474 exortus
878 2455 919 2473 est.
934 2450 999 2473 Dsus
1014 2449 1171 2480 homosacms
1191 2454 1226 2472 est
1245 2453 1272 2472 ut
1289 2448 1355 2471 homo
1376 2448 1442 2470 Dm:
1455 2446 1538 2478 ficret,
1551 2451 1575 2470 et
1586 2450 1614 2469 ut
1626 2454 1719 2470 servus
1733 2445 1758 2469 in

235 2499 355 2524 dominum
368 2500 640 2531 verteretm,jbrman1
653 2498 727 2522 mvi
736 2498 852 2522 Dominus
866 2497 964 2529 accepit.
972 2496 1111 2521 Habitavit
1122 2496 1147 2520 in
1161 2496 1234 2520 terris
1248 2496 1374 2519 habitator
1386 2494 1501 2519 carlorum
1514 2499 1541 2518 u!
1552 2494 1618 2518 homo
1631 2493 1757 2518 habitator

235 2552 308 2572 terrae
320 2547 448 2571 habitam
457 2548 482 2571 in
491 2546 567 2571 coelis.
583 2546 664 2571 Natus
674 2552 776 2578 estergo
789 2545 854 2570 nobis
869 2545 1025 2570 Sahaton...
1038 2546 1074 2569 La
1088 2544 1150 2568 suite
1164 2544 1250 2568 n‘offre
1264 2543 1317 2576 plus
1331 2543 1353 2567 la
1367 2543 1447 2567 meme
1458 2541 1598 2566 similitude.
